@INPROCEEDINGS{GeorgeOnABike,
  author={Marinescu, Maria-Cristina and Reshetnikov, Artem and López, Joaquim Moré},
  booktitle={2020 International Conference on Data Mining Workshops (ICDMW)}, 
  title={Improving object detection in paintings based on time contexts}, 
  year={2020},
  volume={},
  number={},
  pages={926-932},
  doi={10.1109/ICDMW51313.2020.00133}
}
@article{Insight,
	author = {Sabatelli, Matthia and Banar, Nikolay and Cocriamont, Marie and Coudyzer, Eva and Lasaracina, Karine and Daelemans, Walter and Geurts, Pierre and Kestemont, Mike},
	title = {Advances in Digital Music Iconography: Benchmarking the detection of musical instruments in unrestricted, non-photorealistic images from the artistic domain},
	language = {English},
	year = {February 2021},
	publisher = {Northeastern University},
	journal = {Digital Humanities Quarterly},
	volume = {15},
	number = {1}
}
@article{alphapose,
  author = {Fang, Hao-Shu and Li, Jiefeng and Tang, Hongyang and Xu, Chao and Zhu, Haoyi and Xiu, Yuliang and Li, Yong-Lu and Lu, Cewu},
  journal = {IEEE Transactions on Pattern Analysis and Machine Intelligence},
  title = {AlphaPose: Whole-Body Regional Multi-Person Pose Estimation and Tracking in Real-Time},
  year = {2022}
}
@article{blazepose,
  author    = {Valentin Bazarevsky and
               Ivan Grishchenko and
               Karthik Raveendran and
               Tyler Zhu and
               Fan Zhang and
               Matthias Grundmann},
  title     = {BlazePose: On-device Real-time Body Pose tracking},
  journal   = {CoRR},
  volume    = {abs/2006.10204},
  year      = {2020},
  url       = {https://arxiv.org/abs/2006.10204},
  eprinttype = {arXiv},
  eprint    = {2006.10204},
  timestamp = {Tue, 23 Jun 2020 17:57:22 +0200},
  biburl    = {https://dblp.org/rec/journals/corr/abs-2006-10204.bib},
  bibsource = {dblp computer science bibliography, https://dblp.org}
}
@article{fcpose,
  author    = {Weian Mao and
               Zhi Tian and
               Xinlong Wang and
               Chunhua Shen},
  title     = {FCPose: Fully Convolutional Multi-Person Pose Estimation with Dynamic
               Instance-Aware Convolutions},
  journal   = {CoRR},
  volume    = {abs/2105.14185},
  year      = {2021},
  url       = {https://arxiv.org/abs/2105.14185},
  eprinttype = {arXiv},
  eprint    = {2105.14185},
  timestamp = {Wed, 02 Jun 2021 11:46:42 +0200},
  biburl    = {https://dblp.org/rec/journals/corr/abs-2105-14185.bib},
  bibsource = {dblp computer science bibliography, https://dblp.org}
}
@article{openpose,
  author = {Z. {Cao} and G. {Hidalgo Martinez} and T. {Simon} and S. {Wei} and Y. A. {Sheikh}},
  journal = {IEEE Transactions on Pattern Analysis and Machine Intelligence},
  title = {OpenPose: Realtime Multi-Person 2D Pose Estimation using Part Affinity Fields},
  year = {2019}
}
@article{Liu2104,
  author    = {Wu Liu and
               Qian Bao and
               Yu Sun and
               Tao Mei},
  title     = {Recent Advances in Monocular 2D and 3D Human Pose Estimation: {A}
               Deep Learning Perspective},
  journal   = {CoRR},
  volume    = {abs/2104.11536},
  year      = {2021},
  url       = {https://arxiv.org/abs/2104.11536},
  eprinttype = {arXiv},
  eprint    = {2104.11536},
  timestamp = {Tue, 27 Apr 2021 14:34:45 +0200},
  biburl    = {https://dblp.org/rec/journals/corr/abs-2104-11536.bib},
  bibsource = {dblp computer science bibliography, https://dblp.org}
}
@article{Zheng2012,
  author    = {Ce Zheng and
               Wenhan Wu and
               Taojiannan Yang and
               Sijie Zhu and
               Chen Chen and
               Ruixu Liu and
               Ju Shen and
               Nasser Kehtarnavaz and
               Mubarak Shah},
  title     = {Deep Learning-Based Human Pose Estimation: {A} Survey},
  journal   = {CoRR},
  volume    = {abs/2012.13392},
  year      = {2020},
  url       = {https://arxiv.org/abs/2012.13392},
  eprinttype = {arXiv},
  eprint    = {2012.13392},
  timestamp = {Tue, 05 Jan 2021 16:02:31 +0100},
  biburl    = {https://dblp.org/rec/journals/corr/abs-2012-13392.bib},
  bibsource = {dblp computer science bibliography, https://dblp.org}
}
@article{chen2022,
  title={2D Human pose estimation: a survey},
  author={Chen, Haoming and Feng, Runyang and Wu, Sifan and Xu, Hao and Zhou, Fengcheng and Liu, Zhenguang},
  journal={Multimedia Systems},
  pages={1--24},
  year={2022},
  publisher={Springer}
}
@ARTICLE{Munea2020,
  author={Munea, Tewodros Legesse and Jembre, Yalew Zelalem and Weldegebriel, Halefom Tekle and Chen, Longbiao and Huang, Chenxi and Yang, Chenhui},
  journal={IEEE Access}, 
  title={The Progress of Human Pose Estimation: A Survey and Taxonomy of Models Applied in 2D Human Pose Estimation}, 
  year={2020},
  volume={8},
  number={},
  pages={133330-133348},
  doi={10.1109/ACCESS.2020.3010248}
}